@inproceedings{zhang2016video,
  title        = {Video summarization with long short-term memory},
  author       = {Zhang, Ke and Chao, Wei-Lun and Sha, Fei and Grauman, Kristen},
  booktitle    = {ECCV},
  year         = {2016},
  organization = {Springer}
}

@inproceedings{song2015tvsum,
  title     = {TVSum: Summarizing web videos using titles},
  author    = {Song, Yale and Vallmitjana, Jordi and Stent, Amanda and Jaimes, Alejandro},
  booktitle = {CVPR},
  year      = {2015}
}

@inproceedings{zhou2018deepinterest,
  title     = {Deep interest network for click-through rate prediction},
  author    = {Zhou, Guorui and Zhu, Xiaoqiang and Song, Chenru and Fan, Ying and Zhu, Han and Ma, Xiao and Yan, Yanghui and Jin, Junqi and Li, Han and Gai, Kun},
  booktitle = {KDD},
  year      = {2018}
}

@inproceedings{zhang2018retrospective,
  title     = {Retrospective encoders for video summarization},
  author    = {Zhang, Ke and Grauman, Kristen and Sha, Fei},
  booktitle = {ECCV},
  year      = {2018}
}

@inproceedings{mahasseni2017unsupervised,
  title     = {Unsupervised video summarization with adversarial LSTM networks},
  author    = {Mahasseni, Behrooz and Lam, Michael and Todorovic, Sinisa},
  booktitle = {CVPR},
  year      = {2017}
}

@inproceedings{gong2014diverse,
  title     = {Diverse sequential subset selection for supervised video summarization},
  author    = {Gong, Boqing and Chao, Wei-Lun and Grauman, Kristen and Sha, Fei},
  booktitle = {NeurIPS},
  year      = {2014}
}

@inproceedings{li2015visual,
  title     = {Visual saliency based on multiscale deep features},
  author    = {Li, Guanbin and Yu, Yizhou},
  booktitle = {Proceedings of the IEEE conference on computer vision and pattern recognition},
  pages     = {5455–5463},
  year      = {2015}
}

@inproceedings{wang2015saliency,
  title     = {Saliency detection with recurrent fully convolutional networks},
  author    = {Wang, Linzhao and Lu, Huchuan and Ruan, Xiang and Yang, Ming-Hsuan},
  booktitle = {Proceedings of the European conference on computer vision},
  pages     = {825–841},
  year      = {2016}
}

@inproceedings{bak2017spatio,
  title     = {Spatio-temporal saliency networks for dynamic saliency prediction},
  author    = {Bak, Cagdas and Erdem, Aysun and Erdem, Erkut},
  booktitle = {IEEE transactions on multimedia},
  volume    = {20},
  number    = {7},
  pages     = {1688–1698},
  year      = {2017}
}

@inproceedings{shokri2018salient,
  title     = {Salient object detection using non-local neural networks},
  author    = {Shokri, Mohammadreza and Rabiee, Hamid R and Zarezadeh, Saeed and Fadaee, Sajad},
  booktitle = {Proceedings of the IEEE/CVF conference on computer vision and pattern recognition workshops},
  pages     = {0–0},
  year      = {2018}
}

@inproceedings{ma2012video,
  title     = {Video summarization via transductive learning},
  author    = {Ma, Zhigang and Nie, Feiping and Yang, Yi and Uijlings, JRR and Sebe, Nicu},
  booktitle = {Proceedings of the 20th ACM international conference on Multimedia},
  pages     = {489–498},
  year      = {2012}
}

@inproceedings{fu2014interestingness,
  title     = {Interestingness prediction by robust learning to rank},
  author    = {Fu, Huazhu and Cai, Dongqing and Zhu, Wenwu and Lin, Stephen},
  booktitle = {Proceedings of the European conference on computer vision},
  pages     = {488–503},
  year      = {2014}
}

@inproceedings{liu2017video,
  title     = {Video summarization using fully convolutional sequence networks},
  author    = {Liu, Bingbing and Ye, Xuelong and Wang, Xiaobai and Lin, Weisi and Yang, Yimin},
  booktitle = {Proceedings of the European conference on computer vision},
  pages     = {766–782},
  year      = {2018}
}

@inproceedings{wei2018unsupervised,
  title     = {Unsupervised anomaly detection for traffic surveillance based on background modeling},
  author    = {Wei, JiaYi and Zhao, JianFei and Zhao, YanYun and Zhao, ZhiCheng},
  booktitle = {CVPR Workshops},
  year      = {2018}
}

@inproceedings{zhou2018deep,
  title     = {Deep Reinforcement Learning for Unsupervised Video Summarization with Diversity-Representativeness Reward},
  author    = {Zhou, Kaiyang and Qiao, Yu and Xiang, Tao},
  booktitle = {AAAI},
  year      = {2018}
}

@article{apostolidis2021video,
  title   = {Video Summarization Using Deep Neural Networks: A Survey},
  author  = {Apostolidis, Evlampios and Adamantidou, Eleni and Metsai, Alexandros I and Mezaris, Vasileios and Patras, Ioannis},
  journal = {IEEE Transactions on Pattern Analysis and Machine Intelligence},
  year    = {2021}
}

@article{wang2019revisiting,
  title   = {Revisiting Video Saliency Prediction in the Deep Learning Era},
  author  = {Wang, Wenguan and Shen, Jianbing and Guo, Fang and Cheng, Ming-Ming and Borji, Ali},
  journal = {IEEE Transactions on Pattern Analysis and Machine Intelligence},
  year    = {2021}
}

@inproceedings{zhang2016summary,
  title     = {Summary Transfer: Exemplar-based Subset Selection for Video Summarization},
  author    = {Zhang, Ke and Chao, Wei-Lun and Sha, Fei and Grauman, Kristen},
  booktitle = {CVPR},
  year      = {2016}
}

@article{batoi2019video,
  title   = {Video Summarization: Definition and Techniques},
  author  = {Batoi, Ashwini},
  journal = {Technology Research Review},
  year    = {2019}
}

@misc{linkedin2021video,
  title        = {Video Summarization Methods and Algorithms for Online Learning},
  author       = {LinkedIn},
  howpublished = {\url{https://www.linkedin.com/advice/0/what-main-challenges-opportunities-video-summarization}},
  year         = {2021}
}

@article{rroij2015video,
  title   = {A Study on Video Summarization Techniques},
  author  = {RROIJ},
  journal = {Research & Reviews: Journal of Engineering and Technology},
  year    = {2015}
}



